@MISC{Christies:PortraitEdmundBelamy,
    author = {GAN},
    title = {Portrait of Edmond Belamy},
    year = {2018},
    note = {[Online; Zugriff 24.02.2021]},
    url = {https://www.christies.com/lot/lot-edmond-de-belamy-from-la-famille-de-6166184/?from=salesummery&intObjectID=6166184&sid=18abf70b-239c-41f7-bf78-99c5a4370bc7}
}

@ARTICLE{8253599,
    author={A. {Creswell} and T. {White} and V. {Dumoulin} and K. {Arulkumaran} and B. {Sengupta} and A. A. {Bharath}},
    journal={IEEE Signal Processing Magazine},
    title={Generative Adversarial Networks: An Overview},
    year={2018},
    volume={35},
    number={1},
    pages={1-3},
    doi={10.1109/MSP.2017.2765202}
}

@misc{wiki:gan,
    author = "{Unknown}",
    title = "Generative Adversarial Networks",
    year = "2020",
    url = "https://de.wikipedia.org/wiki/Generative_Adversarial_Networks",
    note = "[Online; accessed 26.02.2021]"
}

@misc{wiki:multilayerPerceptron,
    author = "{Unknown}",
    title = "Multilayer perceptron",
    year = "2021",
    url = "https://en.wikipedia.org/wiki/Multilayer_perceptron",
    note = "[Online; accessed 28.02.2021]"
}

@misc{wiki:backpropagation,
    author = "{Unknown}",
    title = "Backpropagation",
    year = "2021",
    url = "https://de.wikipedia.org/wiki/Backpropagation",
    note = "[Online; accessed 28.02.2021]"
}

@misc{wiki:perzeptron,
    author = "{Unknown}",
    title = "Perzeptron",
    year = "2020",
    url = "https://de.wikipedia.org/wiki/Perzeptron",
    note = "[Online; accessed 28.02.2021]"
}

@misc{wiki:knn,
    author = "{Unknown}",
    title = "Künstliches neuronales Netz",
    year = "2020",
    url = "https://de.wikipedia.org/wiki/K%C3%BCnstliches_neuronales_Netz",
    note = "[Online; accessed 28.02.2021]"
}

@misc{wiki:lossFunction,
    author = "{Unknown}",
    title = "Loss function",
    year = "2021",
    url = "https://en.wikipedia.org/wiki/Loss_function",
    note = "[Online; accessed 05.03.2021]"
}

@misc{wiki:cnn,
    author = "{Unknown}",
    title = "Convolutional Neural Network",
    year = "2021",
    url = "https://de.wikipedia.org/wiki/Convolutional_Neural_Network",
    note = "[Online; accessed 05.03.2021]"
}

@misc{towardsdatascience:minimax,
    author = "{Unknown}",
    title = "Game Theory — The Minimax Algorithm Explained",
    year = "2019",
    url = "https://towardsdatascience.com/how-a-chess-playing-computer-thinks-about-its-next-move-8f028bd0e7b1",
    note = "[Online; accessed 28.02.2021]"
}

@misc{youtube:gan,
    author = "{Computerphile}",
    title = "Generative Adversarial Networks (GANs) - Computerphile",
    year = "2017",
    url = "https://www.youtube.com/watch?v=Sw9r8CL98N0",
    note = "[Online; accessed 28.02.2021]"
}

@misc{nzz:1:belamy,
    author = "{Felix Philipp Ingold}",
    title = "Kunst oder bloss technischer Schmiereffekt? Das Porträt von Edmond Belamy – geschaffen von künstlicher Intelligenz",
    year = "2018",
    url = "https://www.nzz.ch/feuilleton/kuenstliche-intelligenz-und-statt-autorschaft-ld.1435762",
    note = "[Online; accessed 26.02.2021]"
}

@misc{tensorflow:1:gan,
    author = "{Unknown}",
    title = "Deep Convolutional Generative Adversarial Network",
    year = "2021",
    url = "https://www.tensorflow.org/tutorials/generative/dcgan",
    note = "[Online; accessed 02.03.2021]"
}

@misc{machinelearningmastery:1:crossEntropy,
    author = "{Jason Brownlee}",
    title = "A Gentle Introduction to Cross-Entropy for Machine Learning",
    year = "2019",
    url = "https://machinelearningmastery.com/cross-entropy-for-machine-learning/",
    note = "[Online; accessed 02.03.2021]"
}

@misc{stackoverflow:1:crossEntropy,
    author = "{Tirth Patel}",
    title = "Can't understand the loss functions for the GAN model used in the tensorflow documentation",
    year = "2020",
    url = "https://stackoverflow.com/questions/61488761/cant-understand-the-loss-functions-for-the-gan-model-used-in-the-tensorflow-doc",
    note = "[Online; accessed 02.03.2021]"
}
